@Manual{R-base,
  title = {R: A Language and Environment for Statistical Computing},
  author = {{R Core Team}},
  organization = {R Foundation for Statistical Computing},
  address = {Vienna, Austria},
  year = {2013},
  url = {http://www.R-project.org/},
}
@Manual{R-colorout,
  title = {colorout: Colorize R output on terminal emulators},
  author = {Jakson Aquino},
  year = {2013},
  note = {R package version 1.0-1},
  url = {http://www.lepem.ufc.br/jaa/colorout.html},
}
@Manual{R-Formula,
  title = {Formula: Extended Model Formulas},
  author = {Achim Zeileis and Yves Croissant},
  year = {2013},
  note = {R package version 1.1-1},
  url = {http://CRAN.R-project.org/package=Formula},
}
@Manual{R-ggplot2,
  title = {ggplot2: An implementation of the Grammar of Graphics},
  author = {Hadley Wickham and Winston Chang},
  year = {2013},
  note = {R package version 0.9.3.1},
  url = {http://CRAN.R-project.org/package=ggplot2},
}
@Manual{R-Hmisc,
  title = {Hmisc: Harrell Miscellaneous},
  author = {Harrell, Jr., Frank E},
  year = {2013},
  note = {R package version 3.12-2},
  url = {http://CRAN.R-project.org/package=Hmisc},
}
@Manual{R-knitr,
  title = {knitr: A general-purpose package for dynamic report generation in R},
  author = {Yihui Xie},
  year = {2013},
  note = {R package version 1.5},
  url = {http://CRAN.R-project.org/package=knitr},
}
@Manual{R-multcomp,
  title = {multcomp: Simultaneous Inference in General Parametric Models},
  author = {Torsten Hothorn and Frank Bretz and Peter Westfall},
  year = {2013},
  note = {R package version 1.2-21},
  url = {http://CRAN.R-project.org/package=multcomp},
}
@Manual{R-mvtnorm,
  title = {mvtnorm: Multivariate Normal and t Distributions},
  author = {Alan Genz and Frank Bretz and Tetsuhisa Miwa and Xuefei Mi and Friedrich Leisch and Fabian Scheipl and Bjoern Bornkamp and Torsten Hothorn},
  year = {2013},
  note = {R package version 0.9-9996},
  url = {http://CRAN.R-project.org/package=mvtnorm},
}
@Manual{R-qwraps,
  title = {qwraps: Quick Wraps},
  author = {Peter DeWitt},
  year = {2013},
  note = {R package version 0.2.2},
  url = {github.com/dewittpe/qwraps},
}
@Manual{R-reshape2,
  title = {reshape2: Flexibly reshape data: a reboot of the reshape package.},
  author = {Hadley Wickham},
  year = {2012},
  note = {R package version 1.2.2},
  url = {http://CRAN.R-project.org/package=reshape2},
}
@Manual{R-setwidth,
  title = {setwidth: Set the value of options("width") on terminal emulators},
  author = {Jakson Aquino},
  year = {2013},
  note = {R package version 1.0-3},
  url = {http://CRAN.R-project.org/package=setwidth},
}
@Manual{R-survival,
  title = {survival: Survival Analysis},
  author = {Terry Therneau},
  year = {2013},
  note = {R package version 2.37-4},
  url = {http://CRAN.R-project.org/package=survival},
}
@Manual{R-vimcom.plus,
  title = {vimcom.plus: Intermediate the communication between Vim and R},
  author = {Jakson Aquino},
  year = {2013},
  note = {R package version 0.9-9},
  url = {https://github.com/jalvesaq/VimCom},
}
