
@article{koziol2009concordance,
  title={The concordance index C and the Mann--Whitney parameter Pr (X> Y) with randomly censored data},
  author={Koziol, James A and Jia, Zhenyu},
  journal={Biometrical Journal},
  volume={51},
  number={3},
  pages={467--474},
  year={2009},
  publisher={Wiley Online Library}
}





%Good reference for the Fisher Exact Test
@Book{Rosner,
	title = {Fundamentals of Biostatistics},
	edition = {6th},
	author = {Bernard Rosner},
	publisher = {Thomson Brooks/Cole},
	year = {2006}
}

@Book{PinheiroBates,
	title = {Mixed-Effects Models in S and S-PLUS},
	author = {{Jos\'{e} C. Pinheiro} and {Douglas M. Bates}},
	publisher = {Springer},
	year = {2000}
}

@Book{KKNM,
	title = {Applied Regression Analysis and Other Multivariable Methods},
	edition = {Fourth},
	author = {David G. Kleinbaum AND Lawrence L. Kupper AND Azhar Nizam AND Keith E. Muller},
	publisher = {Thomson Brooks/Cole},
	year = {2008}
}

@Book{KNNL,
	title = {Applied Linear Statistical Models},
	edition = {Fifth},
	author = {{Michael H.} Kutner AND {Christopher J.} Nachtsheim AND John Neter AND William Li},
	publisher = {McGraw-Hill},
	year = {2005}
}

@article{Vittinghoff2007,
	author = {Eric Vittinghoff AND Charles E. McCulloch},	
	title = {Relaxing the Rule of Ten Events per Variable in Logistic and Cox Regression},
	journal = {American Journal of Epidemiology},
	year = {2007},
	volume = {165},
	number = {6},
	pages = {710-718},
	note = {DOI: 10.1093/aje/kwk052}
}

@Book{KleinMoeschberger,
  title = {Survival Analysis: Techniques for Censored and Truncated Data},
  author = {John~P. Klein AND Melvin~L. Moeschberger},
  publisher = {Springer},
  edition = {Second},
  address = {},
  year = {2003},
}
  
@article{BenjaminiHochberg,
  title={Controlling the false discovery rate: a practical and powerful approach to multiple testing},
  author={Benjamini, Yoav and Hochberg, Yosef},
  journal={Journal of the Royal Statistical Society. Series B (Methodological)},
  pages={289--300},
  year={1995},
  publisher={JSTOR}
}
